@Manual{lady_ada_arduino_tutorial,
title = {Lady Ada Arduino Tutorial},
organization = {ladyada},
year = {April 27, 2012 11:17},
note = {\url{http://www.ladyada.net/learn/arduino/}},
}

@Manual{panstamp,
    title = {panStamp Website},
   organization = {panStamp S.L.U},
   note = {\url{http://www.panstamp.com/}}
}

@Manual{xbee,
    title = {XBee Product Page},
    organization = {Digi International Inc.},
    note = {\url{http://www.digi.com/products/xbee/}}
}


